@article{clauset2004finding,
  title={Finding community structure in very large networks},
  author={Clauset, Aaron and Newman, Mark EJ and Moore, Cristopher},
  journal={Physical review E},
  volume={70},
  number={6},
  pages={066111},
  year={2004},
  publisher={APS}
}

@misc{leskovec2021communities,
    author = {Leskovec, Jure},
    title = {CS224W: Community Structure in Networks},
    year = {2021},
    howpublished = {\url{https://snap.stanford.edu/class/cs224w-2021/slides/14-communities.pdf}},
    note = {Accessed: 2024-05-23}
}

@article{blondel2008fast,
  title={Fast unfolding of communities in large networks},
  author={Blondel, Vincent D and Guillaume, Jean-Loup and Lambiotte, Renaud and Lefebvre, Etienne},
  journal={Journal of statistical mechanics: theory and experiment},
  volume={2008},
  number={10},
  pages={P10008},
  year={2008},
  publisher={IOP Publishing}
}
